@article{PIarticle,
  author  = {Henry Adams and Tegan Emerson and Michael Kirby and Rachel Neville and Chris Peterson and Patrick Shipman and Sofya Chepushtanova and Eric Hanson and Francis Motta and Lori Ziegelmeier},
  title   = {Persistence Images: A Stable Vector Representation of Persistent Homology},
  journal = {Journal of Machine Learning Research},
  year    = {2017},
  volume  = {18},
  number  = {8},
  pages   = {1--35},
  url     = {http://jmlr.org/papers/v18/16-337.html}
}
